%% Created using Papers on Tue, 22 Jan 2013.
%% http://mekentosj.com/papers/

@article{Allen:2003id,
author = {Allen, Jess and Davey, Hazel M and Broadhurst, David and Heald, Jim K and Rowland, Jem J and Oliver, Stephen G and Kell, Douglas B},
title = {{High-throughput classification of yeast mutants for functional genomics using metabolic footprinting.}},
journal = {Nature Biotechnology},
year = {2003},
volume = {21},
number = {6},
pages = {692--696},
month = jun
}

@article{Benfey:2008gd,
author = {Benfey, Philip N and Mitchell-Olds, Thomas},
title = {{From genotype to phenotype: systems biology meets natural variation.}},
journal = {Science},
year = {2008},
volume = {320},
number = {5875},
pages = {495--497},
month = apr
}

@article{Kliebenstein:2001wm,
author = {Kliebenstein, D J and Gershenzon, J and Mitchell-Olds, T},
title = {{Comparative quantitative trait loci mapping of aliphatic, indolic and benzylic glucosinolate production in Arabidopsis thaliana leaves and seeds.}},
journal = {Genetics},
year = {2001},
volume = {159},
number = {1},
pages = {359--370},
month = sep
}

@article{Dumas:2007cj,
author = {Dumas, Marc-Emmanuel and Wilder, Steven P and Bihoreau, Marie-Th{\'e}r{\`e}se and Barton, Richard H and Fearnside, Jane F and Argoud, Kar{\`e}ne and D'Amato, Lisa and Wallis, Robert H and Blancher, Christine and Keun, Hector C and Baunsgaard, Dorrit and Scott, James and Sidelmann, Ulla Grove and Nicholson, Jeremy K and Gauguier, Dominique},
title = {{Direct quantitative trait locus mapping of mammalian metabolic phenotypes in diabetic and normoglycemic rat models.}},
journal = {Nature Genetics},
year = {2007},
volume = {39},
number = {5},
pages = {666--672},
month = may
}

@article{VillasBoas:2005jq,
author = {Villas-B{\^o}as, Silas G and Moxley, Joel F and Akesson, Mats and Stephanopoulos, Gregory and Nielsen, Jens},
title = {{High-throughput metabolic state analysis: the missing link in integrated functional genomics of yeasts.}},
journal = {The Biochemical journal},
year = {2005},
volume = {388},
number = {Pt 2},
pages = {669--677},
month = jun
}

@article{Boer:2003fi,
author = {Boer, Viktor M and de Winde, Johannes H and Pronk, Jack T and Piper, Matthew D W},
title = {{The genome-wide transcriptional responses of Saccharomyces cerevisiae grown on glucose in aerobic chemostat cultures limited for carbon, nitrogen, phosphorus, or sulfur.}},
journal = {The Journal of biological chemistry},
year = {2003},
volume = {278},
number = {5},
pages = {3265--3274},
month = jan
}

@article{Marchesi:2007gz,
author = {Marchesi, Julian R and Holmes, Elaine and Khan, Fatima and Kochhar, Sunil and Scanlan, Pauline and Shanahan, Fergus and Wilson, Ian D and Wang, Yulan},
title = {{Rapid and noninvasive metabonomic characterization of inflammatory bowel disease.}},
journal = {Journal of proteome research},
year = {2007},
volume = {6},
number = {2},
pages = {546--551},
month = feb
}

@article{Nadaf:2009bj,
author = {Nadaf, Javad and Pitel, Fr{\'e}d{\'e}rique and Gilbert, H{\'e}l{\`e}ne and Duclos, Michel J and Vignoles, Florence and Beaumont, Catherine and Vignal, Alain and Porter, Tom E and Cogburn, Larry A and Aggrey, Samuel E and Simon, Jean and Le Bihan-Duval, Elisabeth},
title = {{QTL for several metabolic traits map to loci controlling growth and body composition in an F2 intercross between high- and low-growth chicken lines.}},
journal = {Physiological Genomics},
year = {2009},
volume = {38},
number = {3},
pages = {241--249},
month = aug
}

@article{Keasling:2008hb,
author = {Keasling, Jay D and Chou, Howard},
title = {{Metabolic engineering delivers next-generation biofuels.}},
journal = {Nature Publishing Group},
year = {2008},
volume = {26},
number = {3},
pages = {298--299},
month = mar
}

@article{Gray:2005jt,
author = {Gray, Misa and Piccirillo, Sarah and Honigberg, Saul M},
title = {{Two-step method for constructing unmarked insertions, deletions and allele substitutions in the yeast genome.}},
journal = {FEMS microbiology letters},
year = {2005},
volume = {248},
number = {1},
pages = {31--36},
month = jul
}

@article{Smedsgaard:2005dn,
author = {Smedsgaard, J{\o}rn and Nielsen, Jens},
title = {{Metabolite profiling of fungi and yeast: from phenotype to metabolome by MS and informatics.}},
journal = {Journal of experimental botany},
year = {2005},
volume = {56},
number = {410},
pages = {273--286},
month = jan
}

@article{Mato:2002kk,
author = {Mato, Jose M and Corrales, Fernando J and Lu, Shelly C and Avila, Matias A},
title = {{S-Adenosylmethionine: a control switch that regulates liver function.}},
journal = {FASEB journal : official publication of the Federation of American Societies for Experimental Biology},
year = {2002},
volume = {16},
number = {1},
pages = {15--26},
month = jan
}

@article{Rowe:2008ty,
author = {Rowe, H C and Hansen, B G and Halkier, B A},
title = {{Biochemical networks and epistasis shape the Arabidopsis thaliana metabolome}},
journal = {Plant Cell},
year = {2008},
volume = {20},
pages = {1199--1216}
}

@article{Brauer:2006dt,
author = {Brauer, Matthew J and Yuan, Jie and Bennett, Bryson D and Lu, Wenyun and Kimball, Elizabeth and Botstein, David and Rabinowitz, Joshua D},
title = {{Conservation of the metabolomic response to starvation across two divergent microbes.}},
journal = {Proceedings of the National Academy of Sciences of the United States of America},
year = {2006},
volume = {103},
number = {51},
pages = {19302--19307},
month = dec
}

@article{Wahlbom:2003uc,
author = {Wahlbom, C Fredrik and Cordero Otero, Ricardo R and van Zyl, Willem H and Hahn-H{\"a}gerdal, B{\"a}rbel and J{\"o}nsson, Leif J},
title = {{Molecular analysis of a Saccharomyces cerevisiae mutant with improved ability to utilize xylose shows enhanced expression of proteins involved in transport, initial xylose metabolism, and the pentose phosphate pathway.}},
journal = {Applied and environmental microbiology},
year = {2003},
volume = {69},
number = {2},
pages = {740--746},
month = feb
}

@article{Clasquin:2011ev,
author = {Clasquin, Michelle F and Melamud, Eugene and Singer, Alexander and Gooding, Jessica R and Xu, Xiaohui and Dong, Aiping and Cui, Hong and Campagna, Shawn R and Savchenko, Alexei and Yakunin, Alexander F and Rabinowitz, Joshua D and Caudy, Amy A},
title = {{Riboneogenesis in yeast.}},
journal = {Cell},
year = {2011},
volume = {145},
number = {6},
pages = {969--980},
month = jun
}

@article{DellaPenna:2008dp,
author = {DellaPenna, Dean and Last, Robert L},
title = {{Genome-enabled approaches shed new light on plant metabolism.}},
journal = {Science},
year = {2008},
volume = {320},
number = {5875},
pages = {479--481},
month = apr
}

@article{Blank:2009jt,
author = {Blank, Heidi M and Gajjar, Shefali and Belyanin, Andrey and Polymenis, Michael},
title = {{Sulfur metabolism actively promotes initiation of cell division in yeast.}},
journal = {PloS one},
year = {2009},
volume = {4},
number = {11},
pages = {e8018}
}

@article{Fiehn:2002vc,
author = {Fiehn, Oliver},
title = {{Metabolomics--the link between genotypes and phenotypes.}},
journal = {Plant molecular biology},
year = {2002},
volume = {48},
number = {1-2},
pages = {155--171},
month = jan
}

@article{Cavalieri:2000hw,
author = {Cavalieri, D and Townsend, J P and Hartl, D L},
title = {{Manifold anomalies in gene expression in a vineyard isolate of Saccharomyces cerevisiae revealed by DNA microarray analysis.}},
journal = {Proceedings of the National Academy of Sciences of the United States of America},
year = {2000},
volume = {97},
number = {22},
pages = {12369--12374},
month = oct
}

@article{Madden:1997ta,
author = {Madden, Kevin and Sheu, Yi-Jun and Baetz, Kristin and Andrews, Brenda and Snyder, Michael},
title = {{SBF Cell Cycle Regulator as a Target of the Yeast PKC-MAP Kinase Pathway}},
journal = {Science},
year = {1997},
volume = {275},
number = {5307},
pages = {1781--1784},
month = mar
}

@article{Keurentjes:2006ik,
author = {Keurentjes, Joost J B and Fu, Jingyuan and de Vos, C H Ric and Lommen, Arjen and Hall, Robert D and Bino, Raoul J and van der Plas, Linus H W and Jansen, Ritsert C and Vreugdenhil, Dick and Koornneef, Maarten},
title = {{The genetics of plant metabolism}},
journal = {Nature Genetics},
year = {2006},
volume = {38},
number = {7},
pages = {842--849},
month = jun
}

@article{Foss:2007ej,
author = {Foss, Eric J and Radulovic, Dragan and Shaffer, Scott A and Ruderfer, Douglas M and Bedalov, Antonio and Goodlett, David R and Kruglyak, Leonid},
title = {{Genetic basis of proteome variation in yeast}},
journal = {Nature Genetics},
year = {2007},
volume = {39},
number = {11},
pages = {1369--1375},
month = oct
}

@article{Hall:2006hp,
author = {Hall, Robert D},
title = {{Plant metabolomics: from holistic hope, to hype, to hot topic.}},
journal = {The New phytologist},
year = {2006},
volume = {169},
number = {3},
pages = {453--468}
}

@article{Kerwin:2011fc,
author = {Kerwin, Rachel E and Jimenez-Gomez, Jose M and Fulop, Daniel and Harmer, Stacey L and Maloof, Julin N and Kliebenstein, Daniel J},
title = {{Network quantitative trait loci mapping of circadian clock outputs identifies metabolic pathway-to-clock linkages in Arabidopsis.}},
journal = {Plant Cell},
year = {2011},
volume = {23},
number = {2},
pages = {471--485},
month = feb
}

@article{Tu:2006cl,
author = {Tu, Benjamin P and McKnight, Steven L},
title = {{Metabolic cycles as an underlying basis of biological oscillations.}},
journal = {Nature reviews. Molecular cell biology},
year = {2006},
volume = {7},
number = {9},
pages = {696--701},
month = sep
}

@article{Choi:2009vg,
author = {Choi, E S and Park, B S and Lee, S W and Oh, M K},
title = {{Increased production of S-adenosyl-L-methionine using recombinant Saccharomyces cerevisiae sake K6}},
journal = {Korean Journal of Chemical Engineering},
year = {2009},
volume = {26},
number = {1},
pages = {156--159}
}

@article{Wentzell:2007dr,
author = {Wentzell, Adam M and Rowe, Heather C and Hansen, Bjarne Gram and Ticconi, Carla and Halkier, Barbara Ann and Kliebenstein, Daniel J},
title = {{Linking metabolic QTLs with network and cis-eQTLs controlling biosynthetic pathways.}},
journal = {PLoS Genetics},
year = {2007},
volume = {3},
number = {9},
pages = {1687--1701},
month = sep
}

@article{Zhu:2012cd,
author = {Zhu, Jun and Sova, Pavel and Xu, Qiuwei and Dombek, Kenneth M and Xu, Ethan Y and Vu, Heather and Tu, Zhidong and Brem, Rachel B and Bumgarner, Roger E and Schadt, Eric E},
title = {{Stitching together Multiple Data Dimensions Reveals Interacting Metabolomic and Transcriptomic Networks That Modulate Cell Regulation.}},
journal = {PLoS Biology},
year = {2012},
volume = {10},
number = {4},
pages = {e1001301},
month = apr
}

@article{Kliebenstein:2001ww,
author = {Kliebenstein, D J and Lambrix, V M and Reichelt, M},
title = {{Gene duplication in the diversification of secondary metabolism: Tandem 2-oxoglutarate--dependent dioxygenases control glucosinolate biosynthesis in Arabidopsis}},
journal = {Plant Cell},
year = {2001},
volume = {13},
pages = {681--693}
}

@article{Smith:2008vy,
author = {Smith, Erin N and Kruglyak, Leonid},
title = {{Gene--Environment Interaction in  Yeast Gene Expression}},
journal = {PLoS Biology},
year = {2008},
volume = {6},
number = {4},
pages = {e83},
month = apr
}

@article{Lee:2010ta,
author = {Lee, S W and Park, B S and Choi, E S and Oh, M K},
title = {{Overexpression of ethionine resistance gene for maximized production of S-adenosylmethionine in Saccharomyces cerevisiae sake kyokai No. 6}},
journal = {Korean Journal of Chemical Engineering},
year = {2010},
volume = {27},
number = {2},
pages = {587--589}
}

@article{Bost:1999ux,
author = {Bost, B and Dillmann, C and de Vienne, D},
title = {{Fluxes and metabolic pools as model traits for quantitative genetics. I. The L-shaped distribution of gene effects.}},
journal = {Genetics},
year = {1999},
volume = {153},
number = {4},
pages = {2001--2012},
month = dec
}

@article{McMullen:1998vc,
author = {McMullen, M D and Byrne, P F and Snook, M E and Wiseman, B R and Lee, E A and Widstrom, N W and Coe, E H},
title = {{Quantitative trait loci and metabolic pathways.}},
journal = {Proceedings of the National Academy of Sciences of the United States of America},
year = {1998},
volume = {95},
number = {5},
pages = {1996--2000},
month = mar
}

@article{MitchellOlds:1998us,
author = {Mitchell-Olds, T and Pedersen, D},
title = {{The molecular basis of quantitative genetic variation in central and secondary metabolism in Arabidopsis}},
journal = {Genetics},
year = {1998}
}

@article{Shiomi:1991vo,
author = {Shiomi, N and Fukuda, H and Fukuda, Y and Murata, K},
title = {{Nucleotide sequence and characterization of a Gene conferring resistance to ethionine in yeast Saccharomyces cerevisiae}},
journal = {Journal of Fermentation and Bioengineering},
year = {1991},
volume = {71},
pages = {211--215}
}

@article{Fuso:2005wc,
author = {Fuso, A and Seminara, L and Cavallaro, R A and D'Anselmi, F},
title = {{S-adenosylmethionine/homocysteine cycle alterations modify DNA methylation status with consequent deregulation of PS1 and BACE and beta-amyloid production}},
journal = {Molecular and Cellular Neuroscience},
year = {2005},
volume = {28},
number = {1},
pages = {154--204}
}

@article{Storey:2005hm,
author = {Storey, John D and Akey, Joshua M and Kruglyak, Leonid},
title = {{Multiple locus linkage analysis of genomewide expression in yeast.}},
journal = {PLoS Biology},
year = {2005},
volume = {3},
number = {8},
pages = {e267},
month = aug
}

@article{Tu:2007cf,
author = {Tu, Benjamin P and Mohler, Rachel E and Liu, Jessica C and Dombek, Kenneth M and Young, Elton T and Synovec, Robert E and McKnight, Steven L},
title = {{Cyclic changes in metabolic state during the life of a yeast cell.}},
journal = {Proceedings of the National Academy of Sciences of the United States of America},
year = {2007},
volume = {104},
number = {43},
pages = {16886--16891},
month = oct
}

@article{Tanaka:1991ts,
author = {Tanaka, K and Lin, B K and Wood, D R and Tamanoi, F},
title = {{IRA2, an upstream negative regulator of RAS in yeast, is a RAS GTPase-activating protein.}},
journal = {Proceedings of the National Academy of Sciences of the United States of America},
year = {1991},
volume = {88},
number = {2},
pages = {468--472},
month = jan
}

@article{Schauer:2006ei,
author = {Schauer, Nicolas and Fernie, Alisdair R},
title = {{Plant metabolomics: towards biological function and mechanism.}},
journal = {Trends in plant science},
year = {2006},
volume = {11},
number = {10},
pages = {508--516},
month = oct
}

@article{Parrini:1995tr,
author = {Parrini, M C and Jacquet, E and Bernardi, A and Jacquet, M and Parmeggiani, A},
title = {{Properties and regulation of the catalytic domain of Ira2p, a Saccharomyces cerevisiae GTPase-activating protein of Ras2p.}},
journal = {Biochemistry},
year = {1995},
volume = {34},
number = {42},
pages = {13776--13783},
month = oct
}

@article{Bijlsma:2006wx,
author = {Bijlsma, S and Bobeldijk, I and Verheij, E R and Ramaker, R},
title = {{Large-scale human metabolomics studies: a strategy for data (pre-) processing and validation}},
journal = {Analytical Chemistry},
year = {2006},
volume = {78},
number = {2},
pages = {567--574}
}

@article{Broach:1991ur,
author = {Broach, J R},
title = {{RAS genes in Saccharomyces cerevisiae: signal transduction in search of a pathway.}},
journal = {Trends in genetics : TIG},
year = {1991},
volume = {7},
number = {1},
pages = {28--33},
month = jan
}

@article{Mischoulon:2002vu,
author = {Mischoulon, David and Fava, Maurizio},
title = {{Role of S-adenosyl-L-methionine in the treatment of depression: a review of the evidence.}},
journal = {The American journal of clinical nutrition},
year = {2002},
volume = {76},
number = {5},
pages = {1158S--61S},
month = nov
}

@article{Lang:2009ev,
author = {Lang, Gregory I and Murray, Andrew W and Botstein, David},
title = {{The cost of gene expression underlies a fitness trade-off in yeast.}},
journal = {Proceedings of the National Academy of Sciences of the United States of America},
year = {2009},
volume = {106},
number = {14},
pages = {5755--5760},
month = apr
}

@article{Kruglyak:1995wh,
author = {Kruglyak, L and Lander, E S},
title = {{A nonparametric approach for mapping quantitative trait loci.}},
journal = {Genetics},
year = {1995},
volume = {139},
number = {3},
pages = {1421--1428},
month = mar
}

@article{Brem:2005gh,
author = {Brem, Rachel B and Kruglyak, Leonid},
title = {{The landscape of genetic complexity across 5,700 gene expression traits in yeast.}},
journal = {Proceedings of the National Academy of Sciences of the United States of America},
year = {2005},
volume = {102},
number = {5},
pages = {1572--1577},
month = feb
}

@article{Perlstein:2006ds,
author = {Perlstein, Ethan O and Ruderfer, Douglas M and Ramachandran, Gopal and Haggarty, Stephen J and Kruglyak, Leonid and Schreiber, Stuart L},
title = {{Revealing complex traits with small molecules and naturally recombinant yeast strains.}},
journal = {Chemistry {\&} biology},
year = {2006},
volume = {13},
number = {3},
pages = {319--327},
month = mar
}

@article{Perlstein:2007ku,
author = {Perlstein, Ethan O and Ruderfer, Douglas M and Roberts, David C and Schreiber, Stuart L and Kruglyak, Leonid},
title = {{Genetic basis of individual differences in the response to small-molecule drugs in yeast.}},
journal = {Nature Genetics},
year = {2007},
volume = {39},
number = {4},
pages = {496--502},
month = apr
}

@article{Lisec:2009cq,
author = {Lisec, Jan and Steinfath, Matthias and Meyer, Rhonda C and Selbig, Joachim and Melchinger, Albrecht E and Willmitzer, Lothar and Altmann, Thomas},
title = {{Identification of heterotic metabolite QTL in Arabidopsis thaliana RIL and IL populations.}},
journal = {The Plant journal : for cell and molecular biology},
year = {2009},
volume = {59},
number = {5},
pages = {777--788},
month = sep
}

@article{Lu:2008fj,
author = {Lu, Wenyun and Bennett, Bryson D and Rabinowitz, Joshua D},
title = {{Analytical strategies for LC-MS-based targeted metabolomics.}},
journal = {Journal of chromatography. B, Analytical technologies in the biomedical and life sciences},
year = {2008},
volume = {871},
number = {2},
pages = {236--242},
month = aug
}

@article{Morreel:2006cv,
author = {Morreel, Kris and Goeminne, Geert and Storme, V{\'e}ronique and Sterck, Lieven and Ralph, John and Coppieters, Wouter and Breyne, Peter and Steenackers, Marijke and Georges, Michel and Messens, Eric and Boerjan, Wout},
title = {{Genetical metabolomics of flavonoid biosynthesis in Populus: a case study.}},
journal = {The Plant journal : for cell and molecular biology},
year = {2006},
volume = {47},
number = {2},
pages = {224--237},
month = jul
}

@article{MartinYken:2003wt,
author = {Martin-Yken, Helene and Dagkessamanskaia, Adilia and Basmaji, Fadi and Lagorce, Arnaud and Francois, Jean},
title = {{The interaction of Slt2 MAP kinase with Knr4 is necessary for signalling through the cell wall integrity pathway in Saccharomyces cerevisiae.}},
journal = {Molecular microbiology},
year = {2003},
volume = {49},
number = {1},
pages = {23--35},
month = jul
}

@article{Melamud:2010bp,
author = {Melamud, Eugene and Vastag, Livia and Rabinowitz, Joshua D},
title = {{Metabolomic Analysis and Visualization Engine for LC-MS Data}},
journal = {Analytical Chemistry},
year = {2010},
volume = {82},
number = {23},
pages = {9818--9826},
month = dec
}

@article{Bajad:2006bq,
author = {Bajad, Sunil U and Lu, Wenyun and Kimball, Elizabeth H and Yuan, Jie and Peterson, Celeste and Rabinowitz, Joshua D},
title = {{Separation and quantitation of water soluble cellular metabolites by hydrophilic interaction chromatography-tandem mass spectrometry.}},
journal = {Journal of chromatography. A},
year = {2006},
volume = {1125},
number = {1},
pages = {76--88},
month = aug
}

@article{Tu:2005cv,
author = {Tu, Benjamin P and Kudlicki, Andrzej and Rowicka, Maga and McKnight, Steven L},
title = {{Logic of the Yeast Metabolic Cycle: Temporal Compartmentalization of Cellular Processes}},
journal = {Science},
year = {2005},
volume = {310},
number = {5751},
pages = {1152--1158},
month = nov
}

@article{Chen:2005co,
author = {Chen, Yijun and Feldman, Douglas E and Deng, Changchun and Brown, James A and De Giacomo, Anthony F and Gaw, Allison F and Shi, Gongyi and Le, Quynh T and Brown, J Martin and Koong, Albert C},
title = {{Identification of mitogen-activated protein kinase signaling pathways that confer resistance to endoplasmic reticulum stress in Saccharomyces cerevisiae.}},
journal = {Molecular cancer research : MCR},
year = {2005},
volume = {3},
number = {12},
pages = {669--677},
month = dec
}

@article{Reme:2008uk,
author = {R{\`e}me, C A and Dramard, V and Kern, L and Hofmans, J and Halsberghe, C and Mombiela, D Vida},
title = {{Effect of S-adenosylmethionine tablets on the reduction of age-related mental decline in dogs: a double-blinded, placebo-controlled trial.}},
journal = {Veterinary therapeutics : research in applied veterinary medicine},
year = {2008},
volume = {9},
number = {2},
pages = {69--82}
}

@article{Lisec:2008bs,
author = {Lisec, Jan and Meyer, Rhonda C and Steinfath, Matthias and Redestig, Henning and Becher, Martina and Witucka-Wall, Hanna and Fiehn, Oliver and T{\"o}rj{\'e}k, Ott{\'o} and Selbig, Joachim and Altmann, Thomas and Willmitzer, Lothar},
title = {{Identification of metabolic and biomass QTL in Arabidopsis thaliana in a parallel analysis of RIL and IL populations.}},
journal = {The Plant journal : for cell and molecular biology},
year = {2008},
volume = {53},
number = {6},
pages = {960--972},
month = mar
}

@article{Bentsink:2000tg,
author = {Bentsink, L and Alonso-Blanco, C and Vreugdenhil, D and Tesnier, K and Groot, S P and Koornneef, M},
title = {{Genetic analysis of seed-soluble oligosaccharides in relation to seed storability of Arabidopsis.}},
journal = {Plant physiology},
year = {2000},
volume = {124},
number = {4},
pages = {1595--1604},
month = dec
}

@article{Brem:2005cn,
author = {Brem, Rachel B and Storey, John D and Whittle, Jacqueline and Kruglyak, Leonid},
title = {{Genetic interactions between polymorphisms that affect gene expression in yeast.}},
journal = {Nature},
year = {2005},
volume = {436},
number = {7051},
pages = {701--703},
month = aug
}

@article{Broman:2003wq,
author = {Broman, K W and Wu, H and Sen, {\'S} and Churchill, Gary A},
title = {{R/qtl: QTL mapping in experimental crosses}},
journal = {Bioinformatics},
year = {2003},
volume = {19},
number = {7},
pages = {889--890}
}

@article{Hobbs:2004hw,
author = {Hobbs, Douglas H and Flintham, John E and Hills, Matthew J},
title = {{Genetic control of storage oil synthesis in seeds of Arabidopsis.}},
journal = {Plant physiology},
year = {2004},
volume = {136},
number = {2},
pages = {3341--3349},
month = oct
}

@article{Kampfer:2010bl,
author = {Kampfer, Angela J and Balog, Edward M},
title = {{S-adenosyl-L-methionine regulation of the cardiac ryanodine receptor involves multiple mechanisms.}},
journal = {Biochemistry},
year = {2010},
volume = {49},
number = {35},
pages = {7600--7614},
month = sep
}

@article{Sladek:2007gs,
author = {Sladek, Robert and Rocheleau, Ghislain and Rung, Johan and Dina, Christian and Shen, Lishuang and Serre, David and Boutin, Philippe and Vincent, Daniel and Belisle, Alexandre and Hadjadj, Samy and Balkau, Beverley and Heude, Barbara and Charpentier, Guillaume and Hudson, Thomas J and Montpetit, Alexandre and Pshezhetsky, Alexey V and Prentki, Marc and Posner, Barry I and Balding, David J and Meyre, David and Polychronakos, Constantin and Froguel, Philippe},
title = {{A genome-wide association study identifies novel risk loci for type 2 diabetes.}},
journal = {Nature},
year = {2007},
volume = {445},
number = {7130},
pages = {881--885},
month = feb
}

@article{Fetrow:2001ty,
author = {Fetrow, C W and Avila, J R},
title = {{Efficacy of the dietary supplement S-adenosyl-L-methionine.}},
journal = {The Annals of pharmacotherapy},
year = {2001},
volume = {35},
number = {11},
pages = {1414--1425},
month = nov
}

@article{Mo:2009fk,
author = {Mo, Monica L and Palsson, Bernhard {\O} and Herrgard, Markus J},
title = {{Connecting extracellular metabolomic measurements to intracellular flux states in yeast.}},
journal = {BMC Systems Biology},
year = {2009},
volume = {3},
pages = {37}
}

@article{deLlanos:2010jt,
author = {de Llanos, Rosa and Hern{\'a}ndez-Haro, Carolina and Barrio, Eladio and Querol, Amparo and Fern{\'a}ndez-Espinar, Mar{\'\i}a Teresa and Molina, Mar{\'\i}a},
title = {{Differences in activation of MAP kinases and variability in the polyglutamine tract of Slt2 in clinical and non-clinical isolates of Saccharomyces cerevisiae.}},
journal = {Yeast (Chichester, England)},
year = {2010},
volume = {27},
number = {8},
pages = {549--561},
month = aug
}

@article{Goodacre:2004dg,
author = {Goodacre, Royston and Vaidyanathan, Seetharaman and Dunn, Warwick B and Harrigan, George G and Kell, Douglas B},
title = {{Metabolomics by numbers: acquiring and understanding global metabolite data.}},
journal = {Trends in biotechnology},
year = {2004},
volume = {22},
number = {5},
pages = {245--252},
month = may
}

@article{Luo:2007fb,
author = {Luo, Bing and Groenke, Karsten and Takors, Ralf and Wandrey, Christian and Oldiges, Marco},
title = {{Simultaneous determination of multiple intracellular metabolites in glycolysis, pentose phosphate pathway and tricarboxylic acid cycle by liquid chromatography-mass spectrometry.}},
journal = {Journal of chromatography. A},
year = {2007},
volume = {1147},
number = {2},
pages = {153--164},
month = apr
}

@article{Lesage:2006ew,
author = {Lesage, Guillaume and Bussey, Howard},
title = {{Cell wall assembly in Saccharomyces cerevisiae.}},
journal = {Microbiology and molecular biology reviews : MMBR},
year = {2006},
volume = {70},
number = {2},
pages = {317--343},
month = jun
}

@article{Tozzi:1981ga,
author = {Tozzi, M G and Sgarrella, F and Ipata, P L},
title = {{Induction and repression of enzymes involved in exogenous purine compound utilization in Bacillus cereus}},
journal = {Biochimica et Biophysica Acta (BBA) - General Subjects},
year = {1981},
volume = {678},
number = {3},
pages = {460--466},
month = dec
}

